{
  "leader": "03680cam a22005651i 4500",
  "fields": [
    {
      "001": "ocm01489878\\"
    },
    {
      "003": "OCoLC"
    },
    {
      "005": "20211119083914.0"
    },
    {
      "008": "750730m19311937nyu\\\\\\\\\\\\\\\\\\\\\\000\\0\\eng\\\\"
    },
    {
      "010": {
        "ind1": "\\",
        "ind2": "\\",
        "subfields": [
          {
            "a": "   31015724 "
          }
        ]
      }
    },
    {
      "040": {
        "ind1": "\\",
        "ind2": "\\",
        "subfields": [
          {
            "a": "DLC"
          },
          {
            "b": "eng"
          },
          {
            "e": "rda"
          },
          {
            "c": "DLC"
          },
          {
            "d": "FUG"
          },
          {
            "d": "MUQ"
          },
          {
            "d": "ILI"
          },
          {
            "d": "XND"
          },
          {
            "d": "DRB"
          },
          {
            "d": "AU@"
          },
          {
            "d": "EZN"
          },
          {
            "d": "OCLCF"
          },
          {
            "d": "OCLCQ"
          },
          {
            "d": "OCLCO"
          },
          {
            "d": "OCLCQ"
          },
          {
            "d": "SNN"
          },
          {
            "d": "CZL"
          },
          {
            "d": "OCLCO"
          }
        ]
      }
    },
    {
      "019": {
        "ind1": "\\",
        "ind2": "\\",
        "subfields": [
          {
            "a": "1000692413"
          }
        ]
      }
    },
    {
      "035": {
        "ind1": "\\",
        "ind2": "\\",
        "subfields": [
          {
            "a": "(OCoLC)1489878"
          },
          {
            "z": "(OCoLC)1000692413"
          }
        ]
      }
    },
    {
      "042": {
        "ind1": "\\",
        "ind2": "\\",
        "subfields": [
          {
            "a": "premarc"
          }
        ]
      }
    },
    {
      "043": {
        "ind1": "\\",
        "ind2": "\\",
        "subfields": [
          {
            "a": "n-us---"
          }
        ]
      }
    },
    {
      "050": {
        "ind1": "0",
        "ind2": "0",
        "subfields": [
          {
            "a": "KF2181"
          },
          {
            "b": ".S43 1931"
          }
        ]
      }
    },
    {
      "050": {
        "ind1": "\\",
        "ind2": "4",
        "subfields": [
          {
            "a": "HE2757 1931"
          },
          {
            "b": ".S5"
          }
        ]
      }
    },
    {
      "082": {
        "ind1": "0",
        "ind2": "4",
        "subfields": [
          {
            "a": "385.0973"
          },
          {
            "b": "SHA"
          }
        ]
      }
    },
    {
      "100": {
        "ind1": "1",
        "ind2": "\\",
        "subfields": [
          {
            "a": "Sharfman, I. Leo"
          },
          {
            "q": "(Isaiah Leo),"
          },
          {
            "d": "1886-1969,"
          },
          {
            "e": "author."
          }
        ]
      }
    },
    {
      "245": {
        "ind1": "1",
        "ind2": "4",
        "subfields": [
          {
            "a": "The Interstate commerce commission :"
          },
          {
            "b": "a study in administration law and procedure /"
          },
          {
            "c": "by I.L. Sharfman."
          }
        ]
      }
    },
    {
      "264": {
        "ind1": "\\",
        "ind2": "1",
        "subfields": [
          {
            "a": "New York :"
          },
          {
            "b": "The Commonwealth Fund,"
          },
          {
            "c": "1931-1937."
          }
        ]
      }
    },
    {
      "300": {
        "ind1": "\\",
        "ind2": "\\",
        "subfields": [
          {
            "a": "4 volumes in 5 ;"
          },
          {
            "c": "24 cm"
          }
        ]
      }
    },
    {
      "336": {
        "ind1": "\\",
        "ind2": "\\",
        "subfields": [
          {
            "a": "text"
          },
          {
            "b": "txt"
          },
          {
            "2": "rdacontent"
          }
        ]
      }
    },
    {
      "337": {
        "ind1": "\\",
        "ind2": "\\",
        "subfields": [
          {
            "a": "unmediated"
          },
          {
            "b": "n"
          },
          {
            "2": "rdamedia"
          }
        ]
      }
    },
    {
      "338": {
        "ind1": "\\",
        "ind2": "\\",
        "subfields": [
          {
            "a": "volume"
          },
          {
            "b": "nc"
          },
          {
            "2": "rdacarrier"
          }
        ]
      }
    },
    {
      "500": {
        "ind1": "\\",
        "ind2": "\\",
        "subfields": [
          {
            "a": "This study has been conducted under the auspices of the Legal research committee of the Commonwealth fund. cf. Foreword."
          }
        ]
      }
    },
    {
      "500": {
        "ind1": "\\",
        "ind2": "\\",
        "subfields": [
          {
            "a": "Imprint varies: pt. 1-2, New York, The Commonwealth fund, 1931.-- pt. 3, v. A-B.--pt. 4, New York, The Commonwealth fund; London, H. Milford, Oxford university press, 1935-36."
          }
        ]
      }
    },
    {
      "500": {
        "ind1": "\\",
        "ind2": "\\",
        "subfields": [
          {
            "a": "\"Table of cases\" included in each volume."
          }
        ]
      }
    },
    {
      "500": {
        "ind1": "\\",
        "ind2": "\\",
        "subfields": [
          {
            "a": "\"Consolidated table of cases\": v. 4, [425]-550."
          }
        ]
      }
    },
    {
      "505": {
        "ind1": "0",
        "ind2": "\\",
        "subfields": [
          {
            "a": "Introduction -- The Legislative Basis of the Commssion's Authority -- The Evoltuion of the Act to Regulate Commerce to 1910 -- Some Outstanding Defects of teh Legislative Structure -- Further Legislative Developments Prior to the War Period -- The War Experience and its Significance -- The Transporation Act of 1920 -- The Development of Safety Legislation -- Legislative Policy and its Administrative Enforcement -- The Scope of the Commission's Jurisdiction -- Railroad Regulation and teh Control of the Allied Utilities -- The Assertion of Power Over Intrastate Commerce -- The Excercise of Administrative Discretion -- The Character of the Commission's Activities -- The Extent and Diversity of teh Commission's Tasks -- The valuation Project -- Control of Organization and Finance -- Rate Regulation: The Rate Level -- Rate Regulation: The Rate Structure -- The Commission's Organization and Procedure -- The Mechanism of Administration -- The Procedural Process -- The Pressure of the Administrative Burden -- Conclusion."
          }
        ]
      }
    },
    {
      "504": {
        "ind1": "\\",
        "ind2": "\\",
        "subfields": [
          {
            "a": "Includes bibliographical references and indexes."
          }
        ]
      }
    },
    {
      "610": {
        "ind1": "1",
        "ind2": "0",
        "subfields": [
          {
            "a": "United States."
          },
          {
            "b": "Interstate Commerce Commission."
          }
        ]
      }
    },
    {
      "610": {
        "ind1": "1",
        "ind2": "7",
        "subfields": [
          {
            "a": "United States."
          },
          {
            "b": "Interstate Commerce Commission."
          },
          {
            "2": "fast"
          },
          {
            "0": "(OCoLC)fst00549789"
          }
        ]
      }
    },
    {
      "650": {
        "ind1": "\\",
        "ind2": "0",
        "subfields": [
          {
            "a": "Interstate commerce."
          }
        ]
      }
    },
    {
      "650": {
        "ind1": "\\",
        "ind2": "0",
        "subfields": [
          {
            "a": "Railroad law"
          },
          {
            "z": "United States."
          }
        ]
      }
    },
    {
      "650": {
        "ind1": "\\",
        "ind2": "0",
        "subfields": [
          {
            "a": "Administrative law"
          },
          {
            "z": "United States."
          }
        ]
      }
    },
    {
      "650": {
        "ind1": "\\",
        "ind2": "7",
        "subfields": [
          {
            "a": "Administrative law."
          },
          {
            "2": "fast"
          },
          {
            "0": "(OCoLC)fst00796846"
          }
        ]
      }
    },
    {
      "650": {
        "ind1": "\\",
        "ind2": "7",
        "subfields": [
          {
            "a": "Interstate commerce."
          },
          {
            "2": "fast"
          },
          {
            "0": "(OCoLC)fst00977523"
          }
        ]
      }
    },
    {
      "650": {
        "ind1": "\\",
        "ind2": "7",
        "subfields": [
          {
            "a": "Railroad law."
          },
          {
            "2": "fast"
          },
          {
            "0": "(OCoLC)fst01088622"
          }
        ]
      }
    },
    {
      "651": {
        "ind1": "\\",
        "ind2": "7",
        "subfields": [
          {
            "a": "United States."
          },
          {
            "2": "fast"
          },
          {
            "0": "(OCoLC)fst01204155"
          }
        ]
      }
    },
    {
      "710": {
        "ind1": "2",
        "ind2": "\\",
        "subfields": [
          {
            "a": "Commonwealth Fund."
          },
          {
            "b": "Legal Research Committee."
          }
        ]
      }
    },
    {
      "776": {
        "ind1": "0",
        "ind2": "8",
        "subfields": [
          {
            "i": "Online version:"
          },
          {
            "a": "Sharfman, I. Leo (Isaiah Leo), 1886-1969."
          },
          {
            "t": "Interstate commerce commission."
          },
          {
            "d": "New York, The Commonwealth fund, 1931-37"
          },
          {
            "w": "(OCoLC)568715979"
          }
        ]
      }
    },
    {
      "776": {
        "ind1": "0",
        "ind2": "8",
        "subfields": [
          {
            "i": "Online version:"
          },
          {
            "a": "Sharfman, I. Leo (Isaiah Leo), 1886-1969."
          },
          {
            "t": "Interstate commerce commission."
          },
          {
            "d": "New York, The Commonwealth fund, 1931-37"
          },
          {
            "w": "(OCoLC)607779038"
          }
        ]
      }
    },
    {
      "994": {
        "ind1": "\\",
        "ind2": "\\",
        "subfields": [
          {
            "a": "Z0"
          },
          {
            "b": "NYRVC"
          }
        ]
      }
    },
    {
      "948": {
        "ind1": "\\",
        "ind2": "\\",
        "subfields": [
          {
            "h": "NO HOLDINGS IN NYRVC - 366 OTHER HOLDINGS"
          }
        ]
      }
    },
    {
      "999": {
        "ind1": "\\",
        "ind2": "\\",
        "subfields": [
          {
            "a": "no barcode"
          },
          {
            "v": "volume 1"
          }
        ]
      }
    },
    {
      "999": {
        "ind1": "\\",
        "ind2": "\\",
        "subfields": [
          {
            "a": "no barcode"
          },
          {
            "v": "volume 2"
          }
        ]
      }
    },
    {
      "999": {
        "ind1": "\\",
        "ind2": "\\",
        "subfields": [
          {
            "a": "no barcode"
          },
          {
            "v": "volume 3a"
          }
        ]
      }
    },
    {
      "999": {
        "ind1": "\\",
        "ind2": "\\",
        "subfields": [
          {
            "a": "no barcode"
          },
          {
            "v": "volume 3b"
          }
        ]
      }
    },
    {
      "999": {
        "ind1": "\\",
        "ind2": "\\",
        "subfields": [
          {
            "a": "no barcode"
          },
          {
            "v": "volume 4"
          }
        ]
      }
    }
  ]
}